@book{Aaronson1979,
	author={Aaronson, D. and R. W. Rieber, eds}
	year={1979},
	title={Psycholinguistic Research: Implications and Applications.},
	address={Hillsdale, NJ},
	publisher={ Etlbaum Associates.}
}

@incollection{Alleyne1971,
	author={Alleyne, M. C}
	year={1971},
	title={. Acculturation and the Cultural Matrix of Creoliza\-tion},
	crossref={Hymes 1971},
	pages={169-86}
}

@incollection{SAMEAUTHOR1979,
	author={SAMEAUTHOR, }
	year={1979},
	title={. On the Genesis of Languages},
	crossref={Hill 1979},
	pages={89-107}
}

@book{SAMEAUTHOR1980,
	author={SAMEAUTHOR, .}
	year={1980},
	title={Comparative Afro-A .merican.},
	address={Ann Arbor},
	publisher={ Karoma. }
}

Antinucci, F. and R. Miller. 1976. How Children Talk About What  Happened. Journal of Child Language 3.167-89.

@book{Arnott1970,
	author={Arnott, D. W}
	year={1970},
	title={The Nominil and Verbal System of Pula.},
	address={Oxford},
	publisher={ Clarendon.}
}

@book{Bailey1966,
	author={Bailey, B}
	year={1966},
	title={Jamaican Creole Syntax.},
	address={Cambridge},
	publisher={ Cambridge University Press.}
}

@incollection{SAMEAUTHOR1971,
	author={SAMEAUTHOR, }
	year={1971},
	title={. Jamaican Creole: Can Dialect Boundaries Be Defined?},
	crossref={Hymes 1971},
	pages={34148}
}

@book{Bailey1973,
	author={Bailey, C.-J. N}
	year={1973},
	title={Variation and Linguistic Theory.},
	address={Washington, DC},
	publisher={ Georgetown University Press.}
}

@book{Baker1972,
	author={Baker, P}
	year={1972},
	title={Kreol: A Description of Mauritian Creole.},
	address={London},
	publisher={ Hurst.}
}

SAMEAUTHOR. 1976. Towards a Social History of Mauritian Creole. Unpublished B.Phil. dissertation, University of York.


@article{Berlin1972,
	author={Berlin, B}
	year={1972},
	title={Speculations on the Growth of Ethnobotanical Nomenclature. },
	journal={Language and Society},
	number={1}
	pages={51--86}
}

@book{Berlin1969,
	author={Berlin, B. and P. Kay}
	year={1969},
	title={Basic Colar Terms.},
	address={Berkeley},
	publisher={ University of California Press.}
}

Bever, T. G. 1970. The Cognitive Basis for Linguistic Structures. In \textit{Cognition and the Development of Language.} Ed. by J. R. Hayes, pp. 279-352. New York: Wiley.

@article{Bever1971,
	author={Bever, T. G. and D. T. Lai1gendoen}
	year={1971},
	title={A Dynamic Model of the Evolution of Language. },
	journal={Linguistic Inquiry},
	number={2}
	pages={433-63}
}.

@article{Bickerton1971,
	author={Bickerton, D}
	year={1971},
	title={Inherent Variability and Variable rules. },
	journal={Foundations of Language},
	number={7}
	pages={457-92}
}.

SAMEAUTHOR. 1973a. On the Nature of a Creole Continuum. \textit{Language} 49. 640-69.

SAMEAUTHOR. 1973b. The Structure of Polylectal Grammars. In \textit{Proceedings of the 23rd Annual Round Table.} Ed. by R. Shuy, pp. 23-43. Washington, DC: Georgetown University Press.

SAMEAUTHOR. 1974. Creolization, Linguistic Universals, Natural Semantax and the Brain. \textit{Working Papers in Linguistics} (University of Hawaii) 6(3).124-41.

@book{SAMEAUTHOR1975,
	author={SAMEAUTHOR, .}
	year={1975},
	title={Dynamics of a Creole System.},
	address={Cambridge},
	publisher={ Cambridge University Press.}
}

@article{SAMEAUTHOR1976,
	author={SAMEAUTHOR, }
	year={1976},
	title={Pidgin and Creole Studies. },
	journal={Annual Review of Anthropology},
	number={5}
	pages={169-93}
}.

SAMEAUTHOR. 1977. \textit{Creole Syntax.} Vol. 2 of Final Report on NSF Grant No. GS-39748. University of Hawaii, mimeo.

@incollection{SAMEAUTHOR1980,
	author={SAMEAUTHOR, }
	year={1980},
	title={. Decreolization and the Creole Continuum},
	crossref={Valdman and Highfield 1980},
	pages={109-28}
}

Bickerton, D. and T. Givón. 1976. Pidginization and Language Change: From SXV and VSX to SVX. In \textit{Papers from the Parasession on Diachronic Syntax.} Chicago: Chicago Linguistic Sodety.

Bickerton, D. and C. Odo. 1976. \textit{General Phonology and Pidgin Syntax.} Vol. 1 of Final Report on NSF Grant No. GS-39748. University of Hawaii, mimeo.

Blake, W. 1808. Annotations to Sir Joshua Reynolds' \textit{Discourses.} Reprinted in \textit{The Portable Blak e.} Ed. by A. Kazin. New York: Viking.

@book{Blakemore1977,
	author={Blakemore, C}
	year={1977},
	title={Mechanics of the Mind.},
	address={Cambridge},
	publisher={ Cambridge University Press.}
}

@book{Bollee1977,
	author={Bollee, A}
	year={1977},
	title={Le creole franqais des Seychelles.},
	address={T\"ubingen},
	publisher={ Niemeyer Verlag.}
}

@book{Bowerman1973,
	author={Bowerman, M}
	year={1973},
	title={Early Syntactic Development.},
	address={Cambridge},
	publisher={ Cambridge University Press.}
}

@article{SAMEAUTHOR1974,
	author={SAMEAUTHOR, }
	year={1974},
	title={Learning the Structure of Causative Verbs: A Study in the Relationship of Cognitive, Semantic and Syntactic Development. },
	journal={Stanford Papers and Reports on Child Language Development},
	number={8}
	pages={142-78}
}.

@incollection{SAMEAUTHOR1979,
	author={SAMEAUTHOR, }
	year={1979},
	title={. The Acquisition of Complex Sentences},
	crossref={Fletcher and Garman 1979},
	pages={285-306}
}

@article{Bradley1975,
	author={Bradley, B. A. and J. Z. Young}
	year={1975},
	title={Comparison of Visual and Tactile Learning in Octopus after Lesions to One of the Two Memory Systems. },
	journal={Journal of Neuroscience Research},
	number={1}
	pages={185-205}
}.

Bradshaw, J. 1979. Causative Serial Constructions and Word Order
Change in Papua New Guinea. Paper presented at the Annual Meeting of the Linguistic Society of America, Los Angeles, December 1979.

Bronckart, J. and H. Sinclair. 1973. Time, Tense and Aspect. \textit{Cognition}2.107-30.

@book{Brown1973,
	author={Brown, R}
	year={1973},
	title={A First Language.},
	address={Cambridge, MA},
	publisher={ Harvard University l'ress.}
}

Brown, R. and C. Hanlon. 1970. Derivational Complexity and Order of
Acquisition in Child Speech. In \textit{Cognition and the Development of Language.} Ed. by J. R. Hayes. New York: Wiley.

J. S. 1979. Learning How To Do Things with Words. In Aaronson and Rieber 1979, 265-84.

@book{.. Burton1970,
	author={.. Burton, R}
	year={1970},
	title={Animal Senses.},
	address={New York},
	publisher={ Taplinger.}
}

@article{.Catnpl:•ell1970,
	author={.Catnpl:•ell, C. B. and W. Hodos}
	year={1970},
	title={The Concept of Homology and the Evolution of the Nervous System. },
	journal={Brain Behavior and Evolution},
	number={3}
	pages={353-67}
}.

@article{(;arayol1977,
	author={(;arayol, M. and R. Chaudenson}
	year={1977},
	title={A Study in the Implicational Analysis of a Linguistic Continuum. },
	journal={journal of Creole Studies},
	number={1}
	pages={179-218}
}.

@article{Cazden1968,
	author={Cazden, C}
	year={1968},
	title={The Acquisition of Noun and Verb Inflections. },
	journal={Child Development},
	number={39}
	pages={433-48}
}.

@book{Chaudenson1974,
	author={Chaudenson, R}
	year={1974},
	title={Le lexique du parler creole de la Reunion.},
	address={Paris},
	publisher={ Librairie Honore Champion.}
}

@article{SAMEAUTHOR1979,
	author={SAMEAUTHOR, }
	year={1979},
	title={A propos de la genese du creole mauricien; le peuplement de l'ile de France de 1721 1735. },
	journal={Etudes Creoles},
	number={2}
	pages={43-57}
}.

@book{Chomsky1957,
	author={Chomsky, N}
	year={1957},
	title={Syntactic Structures.},
	address={The Hague},
	publisher={ Mouton.}
}

SAMEAUTHOR. 1962. Explanatory Models in Linguistics. In \textit{Logic, Methodology and the Philosophy of Science.} Ed. by E. Nagel et al. Stanford, CA: Stanford University Press.

@book{SAMEAUTHOR1964,
	author={SAMEAUTHOR, .}
	year={1964},
	title={Current Issues in Linguistic Theory.},
	address={The Hague},
	publisher={ Mouton.}
}

SAMEAUTHOR. 1973. Conditions on Transformations. In \textit{A Festschrift for Morris Halle.} Ed. by S. R. Anderson and P. Kiparsky. New York: Holt, Rinehart and Winston.

SAMEAUTHOR. 1977. On WR-movement. In \textit{Formal Syntax.} Ed. by P. W. Culicover et al., pp. 71-132. New York: Academic Press.

@book{Chomsky1968,
	author={Chomsky, N. and M. Halle}
	year={1968},
	title={The Sound Patterns of English.},
	address={New York},
	publisher={ Harper and Row.}
}

Christie, P. 1976. A Re-Examination of Predicate Marking in Dominican Creole. Paper presented at the Conference on New Directions in Creole Studies, Georgetown, Guyana, August 197 6.

Clark, E. V. 1970. Locativeness: A Study of ``Existential,'' ``Locative'' and ``Possessive'' Sentences. \textit{Working Papers in Language Universals} (Stanford University) 3.Ll-L36.

@book{Clark1977,
	author={Clark, H. H. and E. V. Clark}
	year={1977},
	title={Psychology and Language.},
	address={New York},
	publisher={ Harcourt Brace Jovanovich, Inc.}
}

@article{Clark1977,
	author={Clark, R}
	year={1977},
	title={What's the Use of Imitation? },
	journal={journal of Child Language},
	number={4}
	pages={341}
}-58.

@book{Comrie1976,
	author={Comrie, B}
	year={1976},
	title={Aspect.},
	address={Cambridge},
	publisher={ Cambridge University Press.}
}

@article{Corne1973,
	author={Corne, C}
	year={1973},
	title={Tense and Aspect in Mauritian Creole. },
	journal={Te Reo},
	number={16}
	pages={45}
}\-59.

SAMEAUTHOR. 1974-75. Tense, Apsect and the Mysterious \textit{i} in Seychelles and Reunion Creole. \textit{Te Reo} 17-18.53-59.

@book{SAMEAUTHOR1977,
	author={SAMEAUTHOR, .}
	year={1977},
	title={Seychelles Creole Grammar.},
	address={Tiibingen},
	publisher={ Narr.}
}

SAMEAUTHOR. 1981. A Re-Evaluation of the Predicate in Ile-de-France Creole 
In Muysken 1981b, 103-24.

Cromer, R. F. 1976. Developmental Strategies for Learning. In \textit{Talking to Children: Language Input and Acquisition.} Ed. by V. Hamilton and M. D. Vernon. Cambridge: Cambridge University Press.

@article{Daeleman1972,
	author={Daeleman, J}
	year={1972},
	title={Kongo Elements in Saramacca Tango. },
	journal={journal of African Languages},
	number={11}
	pages={1}
}-44.

@incollection{DeCamp1971,
	author={DeCamp, D}
	year={1971},
	title={. Toward a Generative Analysis of a Post-Creole Continuum},
	crossref={Hymes 1971},
	pages={349-70}
}

de Valois, P. L. and G. H. Jacobs. 1968. Primate Colar Vision. \textit{Science 162.533-40.

@article{Dillard0,
	author={Dillard, J. L. 19}
	year={0},
	title={Principles in the History of American EnglishParadox, Virginity and Cafeteria. },
	journal={Florida FL Reporter},
	number={8}
	pages={1-2}
}).32-33.

Dingwall, W. 0. 1979. The Evolution of Human Communication Systems. In \textit{S tudies in Neurolinguistics} (Vol. 4). Ed. by H. Whittaker and H. A. Whittaker, pp. 1-95. New York: Academic Press.

@article{Erreich1980,
	author={Erreich, A., V. Valian and J. Winzemer}
	year={1980},
	title={Aspects of a Theory of Language Acquisition.Journal },
	journal={of Child Language},
	number={7}
	pages={157-79}
}.

@article{Fay1978,
	author={Fay, D}
	year={1978},
	title={Transformations as Mental Operations: A Reply to Kuczaj 1976. },
	journal={journal of Child Language},
	number={5}
	pages={143-49}
}.

@book{Ferraz1979,
	author={Ferraz, L}
	year={1979},
	title={The Creole of Sao Tome.},
	address={Johannesburg},
	publisher={ Witwatersrand University Press.}
}

Fletcher, P. 1979. The Development of the Verb Phrase. In Fletcher and Garman 1979.

@book{Fletcher1979,
	author={Fletcher, P. and M. Garman}
	year={1979},
	title={Language Acquisition.},
	address={Cambridge},
	publisher={ Cambridge University Press.}
}

@book{Fodor1975,
	author={Fodor, J. A}
	year={1975},
	title={The Language of Thought.},
	address={New York: Crowell. Forman, M. 1972. Zamboanguefio Texts with Grammatical Analysis},
	publisher={}
}

A Study of Philippine Creole Spanish. Unpublished Ph.D. dissertation, Cornell University.

@book{Geschwind1974,
	author={Geschwind, N}
	year={1974},
	title={Selected Papers on Language and the Brain.},
	address={Dordrecht},
	publisher={ Reidel.}
}



@article{Gill1974,
	author={Gill, T. and D. Rumbaugh}
	year={1974},
	title={Mastery of Naming Skills in a Chimpanzee. },
	journal={Journal, of Human Evolution},
	number={3}
	pages={482-92}
}.

Givan, T. 1971. Historical Syntax and Synchronic Morphology '' An Archeologist' s Field Trip. In \textit{Papers from the 7th Regional Meeting.} Chicago: Chicago Linguistic Society.

SAMEAUTHOR.1974. Serial Verbs and Syntactic Change. In Li 1974, 47-112.

@book{SAMEAUTHOR1979,
	author={SAMEAUTHOR, .}
	year={1979},
	title={On Understanding Grammar.},
	address={New York},
	publisher={ Academic Press.}
}

Glock, N. 1972. Role Structure in Saramaccan Verbs. In \textit{Languages of the Guianas.} Ed. by J. E. Grimes, pp. 28-34. Norman, OK: Summer Institute of Linguistics.

@article{Glucksberg1966,
	author={Glucksberg, S. and R. W. Weisberg}
	year={1966},
	title={Verbal Behavior and Problem Solving: Some Effects of Labeling in a Functional Fixedness Problem. },
	journal={Joumal of Experimental Psychology},
	number={71}
	pages={659-64}
}.

@book{Goilo1953,
	author={Goilo, E. R}
	year={1953},
	title={Grammatica Papiamentu.},
	address={Curao},
	publisher={ Hollandsche Boekhandel.}
}

@book{Goodman1964,
	author={Goodman, M}
	year={1964},
	title={A Comparative Study of French Creole Dialects.},
	address={The Hague},
	publisher={ Mouton.}
}

@article{Grimes1970,
	author={Grimes, J. E. and N. Glock}
	year={1970},
	title={A Saramaccan Narrative Pattern. },
	journal={Language},
	number={46}
	pages={408-25}
}.

Hall, R. A., Jr. 1953. \textit{Haitian Creole.} American Anthropological Association Memoir No. 74, Washington, D.C.

@book{Halliday5,
	author={Halliday, M. A. K. 19}
	year={5},
	title={Leaming How to Mean.},
	address={London},
	publisher={ Arnold. Hamilton, J. 1974. Hominid Divergence and Speech Evolution. \textit{journal,}}
}

\textit{of Human Evolution} 3.417-24.

@article{Hancock1970,
	author={Hancock, I. F}
	year={1970},
	title={A Provisional Comparison of the English-Derived Atlantic Creoles. },
	journal={African Language Review},
	number={8}
	pages={7-12}
}.

Harlow, H. F. 1958. The Evolution of Learning. In \textit{Behavior and Evolu\- tion.} Ed. by A. Roe and G. C. Simpson, pp. 269-90. New Haven: Yale University Press.

Harnad, S. R., H. D. Steklis and J. Lancaster. 1976. \textit{Origins and Evolu\- tion of Language and Speech.} Annals of the New York Academy of Science, Vol. 280, New York.

@book{Hering1920,
	author={Hering, E}
	year={1920},
	title={Outline of a Theory of the Light Sense.},
	address={Cambridge, MA},
	publisher={ Harvard University Press.}
}

@article{Hewes1973,
	author={Hewes, G}
	year={1973},
	title={Primate Communication and the Gestural Origin of Language. },
	journal={Current Anthropology},
	number={14}
	pages={5-24}
}.

SAMEAUTHOR. \textit{197 5.Language Origins: A Bibliography.} The Hague: Mouton.

@incollection{SAMEAUTHOR1976,
	author={SAMEAUTHOR, }
	year={1976},
	title={. The Current Status of the Gestural Theory of Language Origins},
	crossref={Hamad et al. 1976},
	pages={482-504}
}

@article{Hill1978,
	author={Hill, J. and L. \textit{Most.}}
	year={1978},
	title={Review of Harnad et al. 1976},
	journal={Language},
	number={54}
	pages={647-60}
}

@book{Hill1979,
	author={Hill, K. C., ed}
	year={1979},
	title={The Genesis of Language.} 
	address={Ann Arbor},
	publisher={Karoma},
	}
	
@book{Hockett1973,
	author={Hockett, C. F.},
	year={1973},
	title={Man's Place Nature.},
	address={New York},
	publisher={ McGraw-Hill}
	}

@article{HockettEtAl1964,
	author={Hockett, C. F. and R. Ascher},
	year={1964},
	title={The Human Revolution},
	journal={Current Anthropology},
	number={5},
	pages={135-68}
	}

Hodos, W. 1976. The Concept of Homology and the Evolution of Behavior. In \textit{Evolution, Brain and Behavior: Persistent Problems.} Ed. by R. B. Masterton et al. New York: Wiley.

@article{Huebner1979,
	author={Huebner, T}
	year={1979},
	title={Order of Acquisition versus Dynamic Paradigm: A Comparison of Method in Interlanguage Research. },
	journal={TESOL Quarterly},
	number={13}
	pages={21--29}
}

@article{Hurford5,
	author={Hurford, J. 19}
	year={5},
	title={A Child and the English Question Formation Rule. },
	journal={journal of Child Language},
	number={2}
	pages={299-301}
}.

Huttar, G. L. 1975. Some Kwa·like Features of Djuka Syntax. Paper presented at the International Conference on Pidgins and Creoles, Honolulu, January 197S.

@incollection{Hyman1974,
	author={Hyman, L. H}
	year={1974},
	title={. On the Change from SOV to SVO: Evidence from Niger-Congo},
	crossref={Li 1974},
	pages={113-48}
}

@book{Hymes1971,
	author={Hymes, D., ed}
	year={1971},
	title={Pidginization and Creolization of Languages.},
	address={Cambridge},
	publisher={ Cambridge University Press.}
}

Jansen, B., H. Koopman and P. Muysken. 1978. Serial Verbs in the Creole Languages. \textit{Amsterdam Creole Studies} Il.133-59.

@book{Jerison1973,
	author={Jerison, H. J}
	year={1973},
	title={Evolution of the Brain and Intelligence.},
	address={New York},
	publisher={ Academic Press.}
}

@book{Joos1964,
	author={Joos, M}
	year={1964},
	title={The English Verb: Forms and Meanings.},
	address={Madison},
	publisher={ University of Wisconsin Press.}
}

@book{Karmiloff-Smith1979,
	author={Karmiloff-Smith, A}
	year={1979},
	title={A Functional Approach to Child Language.},
	address={Cambridge},
	publisher={ Cambridge University Press.}
}

@article{Kay1978,
	author={Kay , P. and C. K. McDaniel}
	year={1978},
	title={The Linguistic Significance of the Meanings of Basic Color Terms. },
	journal={Language},
	number={54}
	pages={610-46}
}.

@book{Keil1979,
	author={Keil, F}
	year={1979},
	title={Semantic and Conceptual Development.},
	address={Ca.qibridge, MA},
	publisher={ Harvard University Press.}
}

SAMEAUTHOR. 1981. Constraints on Knowledge and Cognitive Development. \textit{Psychological Review} (to appear).

Klima, E. and U. Bellugi. 1966. Syntactic Regularities in the Speech of Children. In \textit{Psycholinguistics Papers.} Ed. by J. Lyons and R, J. Wales, pp. 183-208. Edinburgh: Edinburgh University Press.

Koopman, H. and C. Lefebvre. 1981. Haitian Creole \textit{pu.} In Muysken 1981b, 201-21.

@article{Kuczaj1976,
	author={Kuczaj, S. A}
	year={1976},
	title={Argument Against Hurford's ``Aux Copying Rule'' },
	journal={Journal of Child Language},
	number={3}
	pages={423-27}
}.

@article{SAMEAUTHOR1978,
	author={SAMEAUTHOR, }
	year={1978},
	title={Why Do Children Fail To Generalize the Progressive Inflection? },
	journal={Journal of Child Language},
	number={5}
	pages={167-71}
}.

Labov, W. 1971. On the Adequacy of Natural Languages. MS.

@incollection{Lamendella1976,
	author={Lamendella, J}
	year={1976},
	title={. Relations between the Ontogeny and Phylogeny of Language: A Neo-Recapitulationist View},
	crossref={Harnad et al. 1976},
	pages={396-412}
}

Larimore, N. F. 1976. A Comparison of Predicate Complementation in Krio and English. Unpublished Ph.D. dissertation, Northwestern University.

Lashley, K. S. 1950. In Search of the Engram. In \textit{Physiological Mechanisms in Animal Behavior} (Society of Experimental Biology Symposium No. 4). Cambridge: Cambridge University Press.

Le Page, R. B. and D. DeCamp. 1960. \textit{Jamaican Creole: An Historical Introduction.} London: Macmillan.

@book{Li1974,
	author={Li, C. N., ed}
	year={1974},
	title={Word Order and Word Order Change.},
	address={Austin},
	publisher={ University of Texas Press.}
}

Li, C. N. and S. A. Thompson. 1974, An Explanation of Word Order Change SVO-SOV. \textit{Foundations of Language} 12.201-14.

Limber, J. 1973. The Genesis of Complex Sentences. In \textit{Cognitive Development and the Acquisition of Language.} Ed. by T. E. Moore. New York: Academic Press.

@book{Linden1974,
	author={Linden , E}
	year={1974},
	title={Apes, Men and Lm;,iguage.},
	address={New York},
	publisher={ Dutton.}
}

l

l

Lord, C. 1976. Evidence for Syntactic Reanalysis: From Verb to Complementizer in Kwa. In \textit{Papers from the Para.session on Dia\- chronic Syntax.} Chicago: Chicago Linguistic Society ,

@article{Luria1975,
	author={Luria, A}
	year={1975},
	title={Scientific Perspectives and Philosophical Dead Ends in Modern Linguistics. },
	journal={Cognition},
	number={3}
	pages={377-86}
}.

@article{Maratsos1974,
	author={Maratsos, M. P}
	year={1974},
	title={Preschool Children's Use of Definite and In\- definite Articles. },
	journal={Child Development},
	number={45}
	pages={446-55}
}.

SAMEAUTHOR. 1976, \textit{The Use of Definite and Indefinite Reference in Young Children.} Cambridge: Cambridge University Press.

@incollection{SAMEAUTHOR1979,
	author={SAMEAUTHOR, }
	year={1979},
	title={. How To Get From Words to Sentences},
	crossref={Aaronson and Rieber 1979},
	pages={285-353}
}

@article{Maratsos1978,
	author={Maratsos, M. P. and S. A. Kuczaj}
	year={1978},
	title={Against the Transformationalist Account: A Simpler Analysis of Auxiliary Overmarkings. },
	journal={Journal of Child Language},
	number={5}
	pages={337-45}
}.

Markey, T. L and P. Fodale. 1980. Lexical Diathesis, Focal Shifts and Passivization: The Creole Voice, Paper presented at the Third Biennial Conference, Society for Caribbean Linguistics, Aruba, September 1980.

Marler, P. 1977. Sensory Templates, Vocal Perception and Development: A Comparative View. In \textit{Interaction, Conversation and the Development of Language.} Ed. by M. Lewis and L. A. Rosenblum, pp. 95-114. New York: Wiley.

SAMEAUTHOR, 1980. Development of Auditory Perception in Relation to Vocal Behavior. In \textit{Human Ethology.} Ed, by M. von Cranach et al., pp. 663-81. Cambridge: Cambridge University Press.

Marler, P. and S. Peters. 1979. Birdsong and Speech: Evidence for Special Processing. In \textit{Perspectives on the Study of Speech.} Ed. by

P. Eimas and J, Miller. Hillsdale, NJ: Erlbaum Associates.

Marshack, A. 197 6. Some Implications of the Paleolithic Symbolic Evidence for the Origins of Language. \textit{Current Anthropology} 17. 274·82.

Marshall, J. C. 197 9, Language Acquisition in a Biological Frame of Reference, In Pletcher and Garman 1979, 437-53.

McDaniel, C. K. 1974. Basic Colar Terms: Their Neurophysiological Basis. Paper presented at the Annual Meeting of the American Anthropological Association, Mexico City, November 1974.

McNeil!, D. A. 1966. Developmental Psycholinguistics. In \textit{The Genesis of Language.} Ed. by F. Smith and G. A. Miller. Cambridge, MA: M.I.T. Press.

Miller, G. A. 1978. Pastness. In \textit{Psychology and Biology of Thought and Language.} Ed. by G. A. Miller and E. Lenneberg, pp. 167-85. New York: Academic Press.

Moorghen, P.-M. 1975. Analyse des marqueurs pre-verbaux des creoles de!'ocean Indien. Paper presented at the International Conference on Pidgins and Creoles, Honolulu, January 1975.

Mounin, G. 1976. Language, Communication, Chimpanzees. \textit{Current Anthropology} 17 .1-21.

Muysken, P. 1981a. Creole Tense/Mood/Aspect Systems: The Unmarked Case? In Muysken 1981b, 181-99.

SAMEAUTHOR -ed. 1981b. \textit{Generative Studies on Creole Languages.} Dordrecht:Foris.

@book{Nagara1972,
	author={Nagara, S}
	year={1972},
	title={Japanese Pidgin English in Hawaii.},
	address={Honolulu},
	publisher={ University of Hawaii Press.}
}

Papen, R. 197 5. ``Nana k nana, nana k napa,'' or the Strange Case of ``e-deletion'' Verbs in Indian Ocean Creole. Paper presented at the International Conference on Pidgins and Creoles, Honolulu, January 1975.

SAMEAUTHOR. 1978. The French-Based Creoles of the Indian Ocean. Unpublished Ph.D. dissertation, University of California, San Diego.

@incollection{Passingham1979,
	author={Passingham, R. E}
	year={1979},
	title={. Specialization and the Language Areas},
	crossref={Steklis and Raleigh 1979b},
	pages={221-56}
}

Perlman, A. M. 1973. Grammatical Structures and Style-Shift in Hawaiian Pidgin and Creole. Unpublished Ph.D. dissertation, University of Chicago.

@book{Piaget1962,
	author={Piaget, J}
	year={1962},
	title={Play, Dreams and Imitation in Childhood.},
	address={New York},
	publisher={Norton}
}

@incollection{Polome1980,
	author={Polome, E}
	year={1980},
	title={. Creolization Processes and Diachronic Linguistics},
	crossref={Valdman and Highfield 1980},
	pages={185-202}
}

@book{Quine1960,
	author={Quine, W}
	year={1960},
	title={Word and Object.},
	address={New York},
	publisher={ Wiley.}
}

@book{Quow (M. McTurk1877,
	author={Quow (M. McTurk, pseud.)}
	year={1877},
	title={Essays and Fables.},
	address={Georgetown, Guyana},
	publisher={ Argosy.}
}

@book{Reichenbach1947,
	author={Reichenbach, H}
	year={1947},
	title={Elements of Symbolic Logic.},
	address={New York},
	publisher={ Macmillan.}
}

@book{Reinecke1969,
	author={Reinecke, J}
	year={1969},
	title={Language and Dialect in Hawaii.},
	address={Honolulu},
	publisher={ University of Hawaii Press}
}


SAMEAUTHOR. 1977. Introduction. In \textit{Pidgin and Creole Linguistics.} Ed. by
 Valdman. Bloomington: Indiana University Press.

@book{Rens1953,
	author={Rens, L. L. E}
	year={1953},
	title={The Historica1 and Social Background of Surinam Negro English.},
	address={Amsterdam},
	publisher={ North Holland.}
}

Roberts, P. A. 1975. The Adequacy of Certain Linguistic Theories for Showing Important Relationships in a Creole Language. Paper presented at the International Conference on Pidgins and Creoles, Honolulu, January 1975.

Ross, J. R. 1967. Constraints on Variables in Syntax. Unpublished Ph.D. dissertation, Massachusetts Institute of Technology.

@book{Rowlands1969,
	author={Rowlands, E. C}
	year={1969},
	title={Teach Yourself Yoruba.},
	address={London},
	publisher={ English Universities Ptess.}
}

Rumbaugh, D. and T. Gill. 1976. Language and the Acquisition of Language..Type Skills by a Chimpanzee. In Harnad et al. 1976, 90..123.

Sag, I. 1973. On the State of Progress in Progressives and Statives. In \textit{New Ways of Analyzing Variation in English.} Ed. by C.-J. N. Bailey and R. Shuy. Washington, DC: Georgetown University Press.

@incollection{Samarin1971,
	author={Samarin, W. J}
	year={1971},
	title={. Salient and Substantive Pidginization},
	crossref={Hymes 1971},
	pages={117-40}
}

@incollection{Sankoff1979,
	author={Sankoff, G}
	year={1979},
	title={. The Genesis of a Language},
	crossref={Hill 1979},
	pages={23-47}
} 

Sankoff, G. and S. Laberge. 1974. On the Acquisition of Native Speakers by a Language. In \textit{Pidgins and Creoles: Current Trends and Prospects.} Ed. by D. DeCamp and I. F. Hancock, pp. 73-84. Washington, DC: Georgetown University Press.

Schiefflin, B. S. 1979. How Kaluli Children Learn What To Say, What To Do, and How To Feel: An Ethnographic Study in the Development of Communicative Competence. Unpublished Ph.D. dissertation, Teachers College, Columbia University.

@article{Seidenberg1979,
	author={Seidenberg, M. S. and L. A. Petitto}
	year={1979},
	title={Signing Behavior in Apes: A Critical Review. },
	journal={Cognition},
	number={7}
	pages={177-215}
}.

Seuren, P. A. M. 1980. The Auxiliary System in Sranan. MS.

@article{Silverstein1972,
	author={Silverstein, M}
	year={1972},
	title={Chinook Jargon: Language Contact and the Prob. lem of Multilevel Generative Systems. },
	journal={Language},
	number={48}
	pages={378-406}
}, 596\-625.

Slobin, D. 1977. Language Change in Childhood and History. In \textit{Lan· guage Learning and Thought.} Ed. by J. Macnamara. New York: Academic Press.

SAMEAUTHOR. 1978. Universal and Particular in the Acquisition of Language. In \textit{Language Acquisition: The State of the Art.} Ed. by L. Gleitman and E. Wanner. New York: Academic Press.

Slobin , D. and A. A. Aksu. 1980. Acquisition of Turkish. MS.

@article{Smith1939,
	author={Smith, M. E}
	year={1939},
	title={Some Light on the Problem of Bilingualism as Found from a Study of the Progress in Mastery of English among Pre-School Children of Non-American Ancestry in Hawaii. },
	journal={Genetic Psychology Monographs},
	number={21}
	pages={199-284}
}.

@incollection{Snow1979,
	author={Snow, C}
	year={1979},
	title={. Conversations with Children},
	crossref={Fletcher and Garman 1979},
	pages={363-76}
}

@article{Somers1959,
	author={Somers, F}
	year={1959},
	title={The Ordinary Language Tree. },
	journal={Mind},
	number={68}
	pages={160-85}
}.

@article{SAMEAUTHOR1963,
	author={SAMEAUTHOR, }
	year={1963},
	title={Types and Ontology. },
	journal={Philosophical Review},
	number={72}
	pages={327-63}
}. 

@article{Spuhler1977,
	author={Spuhler, J. N}
	year={1977},
	title={Biology, Speech and Language. },
	journal={Annual Review of Anthropology},
	number={6}
	pages={509-61}
}.

@incollection{Steklis1979,
	author={Steklis, H. D. and M. J. Raleigh}
	year={1979},
	title={a. Requisites for Language: Interspecific and Evolutionary Aspects},
	crossref={Steklis and Raleigh 1979b},
	pages={285-314}
}

SAMEAUTHOR, eds. 1979b. \textit{Neurobiology of Social Communication in Primates;} New York: Academic Press.

@article{Stephenson1973,
	author={Stephenson, P. H}
	year={1973},
	title={The Evolution of Colar Vision in the Primates. },
	journal={Journal of Human Evolution},
	number={2}
	pages={379-86}
}.

@article{SAMEAUTHOR1979,
	author={SAMEAUTHOR, }
	year={1979},
	title={A Note on the Dialectical Evolution of Human Communicative Systems. },
	journal={journal of Hum''\{' Evolution},
	number={8}
	pages={581-83}
}.

@article{Taylor1960,
	author={Taylor, D}
	year={1960},
	title={Language Shift or Changing Relationship? },
	journal={Inter· national journal of American Linguistics},
	number={26}
	pages={144-61}
}.

@article{SAMEAUTHOR1963,
	author={SAMEAUTHOR, }
	year={1963},
	title={The Origin of West Indian Creole Languages: Evidence From Grammatical Categories. },
	journal={American Anthropologist},
	number={65}
	pages={800-814}
}.

@incollection{SAMEAUTHOR1971,
	author={SAMEAUTHOR, }
	year={1971},
	title={. Grammatical and Lexical Affinities of Creoles},
	crossref={Hymes 1971},
	pages={293-96}
}

Thompson, R. W. 1961. A Note on Some Possible Affinities between the Creole Dialects of the Old World and Those of the New. In \textit{Proceedings of the Conference on Creole Language Studies.} Ed. by R. B. Le Page. Landon: Macmillan.

@incollection{Tsuzaki1971,
	author={Tsuzaki, S. M}
	year={1971},
	title={. Co-Existent Systems in Language Variation: The Case of Hawaiian English},
	crossref={Hymes 1971},
	pages={327-40}
}

Valdman, A. 1973. Some Aspects of Decreolization in Creole French. In \textit{Current Trends in Linguistics Vol. X I: Diachronic, Areal and Typological Linguistics.} Ed. by T. A. Sebeok, pp. 507-36. The Hague: Mouton.

@incollection{SAMEAUTHOR1980,
	author={SAMEAUTHOR, }
	year={1980},
	title={. Creolization and Second Language Acquisition},
	crossref={Valdman and Highfield 1980},
	pages={297-312}
}

@book{ValdmanEtAl1980,
	author={Valdman, A. and A. Highfield, eds}
	year={1980},
	title={Theoretical Orientations in Creole Studies.},
	address={New York},
	publisher={ Academic Press.}
}

@book{Valkoff1966,
	author={Valkoff, M. F}
	year={1966},
	title={Studies in Portuguese and Creole.},
	address={Johannesburg},
	publisher={ Witwatersrand University Press.}
}

@article{Voorhoeve1957,
	author={Voorhoeve, J}
	year={1957},
	title={The Verbal System of Sranan. },
	journal={Lingua},
	number={6}
	pages={374-96}
}.

@incollection{SAMEAUTHOR1971,
	author={SAMEAUTHOR, }
	year={1971},
	title={. Church Creole and Pagan Cult Languages},
	crossref={Hymes 1971},
	pages={305-15}
}

SAMEAUTHOR. 1975. Serial Verbs in Creole. Paper presented at the International Conference on Pidgins and Creoles, Honolulu, January 1975.

@book{Voorhoeve1976,
	author={Voorhoeve, J. and J. M. Lichtveld}
	year={1976},
	title={Creole Drum.},
	address={New Haven},
	publisher={Yale University Press.}
}



@article{Warden1976,
	author={Warden, D}
	year={1976},
	title={The Influence of Context on Children's Use of Identifying Expressions and References. },
	journal={British Journal of Psych\- ology},
	number={67}
	pages={101--112}
}

@incollection{Washabaugh1979,
	author={Washabaugh, W}
	year={1979},
	title={. On the Sociality of Creole Languages},
	crossref={Hill 1979},
	pages={125-40}
}

Weinreich, U., W. Labov and M. I. Herzog. 1968. Empirical Foundations for a Theory of Language Change. In \textit{Directions for Historical Linguistics.} Ed. by W. P. Lehmann and Y. Malkiel, pp. 95-188. Austin: University of Texas Press.

@book{Welmers1973,
	author={Welmers, W. E}
	year={1973},
	title={African Language Structures.},
	address={Berkeley},
	publisher={ University of California Press.}
}

@book{Whinnom1956,
	author={Whinnom, K}
	year={1956},
	title={Spanish Contact Vernaculars in the Philippine Islands.},
	address={Hong Kong},
	publisher={ Hong Kong University Press.}
}

@article{SAMEAUTHOR1965,
	author={SAMEAUTHOR, }
	year={1965},
	title={The Origin of the European-Based Creoles and Pidgins. },
	journal={Orbis},
	number={14}
	pages={509-27}
}.

Williams, W. R. 1971. Serial Verb Constructions in Krio. \textit{Studies in African Linguistics,} Supplement 2, 46-65.

SAMEAUTHOR. 1975. Internal Mechanisms in the Creolization of Sierra Leone Krio. Paper presented at the International Conference on Pidgins and Creoles, Honolulu, January 1975.

@book{Wilson1962,
	author={Wilson, W. A. A}
	year={1962},
	title={The Crioulo of Guine.},
	address={Johannesburg},
	publisher={ Witwatersrand University Press.}
}

Woisetschlaeger, E. 1977. A Semantic Theory of the English Auxiliary. Unpublished Ph.D. dissertation, Massachusetts Institute of Technology.

@incollection{Woolford1979,
	author={Woolford, E}
	year={1979},
	title={. The Developing Complementizer System of Tok Pisin: Syntactic Change in Progress},
	crossref={Hill 1979},
	pages={108-24}
}

@book{Young1978,
	author={Young, J. Z}
	year={1978},
	title={Programs of the Brain.},
	address={Oxford},
	publisher={ Oxford University Press}
}
